<?xml version="1.0" encoding="UTF-8"?><collection xmlns="http://www.loc.gov/MARC21/slim"><record><leader>00543nam--2200169-i-4500</leader><controlfield tag="001">000022575</controlfield><controlfield tag="002">20161230</controlfield><controlfield tag="005">20161230201034</controlfield><controlfield tag="008">060222s1000------------r-----000-0-eng-d</controlfield><datafield ind1=" " ind2=" " tag="040"><subfield code="a">IFIN-HH</subfield></datafield><datafield ind1=" " ind2=" " tag="080"><subfield code="a">531.76</subfield></datafield><datafield ind1="1" ind2=" " tag="100"><subfield code="a">Huygens, Cristiano</subfield></datafield><datafield ind1="1" ind2="0" tag="245"><subfield code="a">Horologium oscillatorium &amp; traite de la lumiere l`orologio a pendolo. dimonstrazioni geometriche sul moto dei pendoli applicati agli orologi</subfield><subfield code="c">Cristiano huygens</subfield></datafield><datafield ind1=" " ind2=" " tag="260"><subfield code="a">Firenze</subfield><subfield code="b">G.Barbera-editore</subfield><subfield code="c">1963</subfield></datafield><datafield ind1=" " ind2=" " tag="300"><subfield code="a">312 P</subfield></datafield><datafield ind1=" " ind2=" " tag="852"><subfield code="a">24271</subfield><subfield code="c">535</subfield></datafield><datafield ind1=" " ind2=" " tag="CAT"><subfield code="a">Sys</subfield><subfield code="c">20160205</subfield><subfield code="h">091933</subfield></datafield></record></collection>